<?xml version="1.0" encoding="UTF-8"?><record xmlns="http://www.loc.gov/MARC21/slim" xmlns:cinclude="http://apache.org/cocoon/include/1.0" xmlns:zs="http://www.loc.gov/zing/srw/">
  <leader>00533cz  a2200133n  4500</leader>
  <controlfield tag="001">n  89209437 </controlfield>
  <controlfield tag="003">DLC</controlfield>
  <controlfield tag="005">20120808083106.0</controlfield>
  <controlfield tag="008">921016n| acannaab           |n aaa      </controlfield>
  <datafield tag="010" ind1=" " ind2=" ">
    <subfield code="a">n  89209437 </subfield>
  </datafield>
  <datafield tag="040" ind1=" " ind2=" ">
    <subfield code="a">DLC</subfield>
    <subfield code="b">eng</subfield>
    <subfield code="c">DLC</subfield>
    <subfield code="d">DLC</subfield>
  </datafield>
  <datafield tag="100" ind1="0" ind2=" ">
    <subfield code="a">Manasukhadāsa Samartharāma,</subfield>
    <subfield code="c">Guru</subfield>
  </datafield>
  <datafield tag="667" ind1=" " ind2=" ">
    <subfield code="a">THIS 1XX FIELD CANNOT BE USED UNDER RDA UNTIL THIS RECORD HAS BEEN REVIEWED AND/OR UPDATED</subfield>
  </datafield>
  <datafield tag="670" ind1=" " ind2=" ">
    <subfield code="a">His Kelaiyācaritra, 1935:</subfield>
    <subfield code="b">t.p. (Samartharāmajī Guru Manasukhadāsajī) port. (Samartharāmajī of Samarthāśrama, Amadāvāda)</subfield>
  </datafield>
</record>